[gd_scene load_steps=11 format=2]

[ext_resource path="res://Assets/Calls/Number_Blocks_01/Number_Blocks_01/Number_Blocks_01_Set_3_256x256_9.png" type="Texture" id=1]
[ext_resource path="res://Assets/Calls/Number_Blocks_01/Number_Blocks_01/Number_Blocks_01_Set_3_256x256_5.png" type="Texture" id=2]
[ext_resource path="res://Assets/Calls/Number_Blocks_01/Number_Blocks_01/Number_Blocks_01_Set_3_256x256_0.png" type="Texture" id=3]
[ext_resource path="res://Assets/Calls/Number_Blocks_01/Number_Blocks_01/Number_Blocks_01_Set_3_256x256_4.png" type="Texture" id=4]
[ext_resource path="res://Assets/Calls/Number_Blocks_01/Number_Blocks_01/Number_Blocks_01_Set_3_256x256_2.png" type="Texture" id=5]
[ext_resource path="res://Assets/Calls/Number_Blocks_01/Number_Blocks_01/Number_Blocks_01_Set_3_256x256_8.png" type="Texture" id=6]
[ext_resource path="res://Assets/Calls/Number_Blocks_01/Number_Blocks_01/Number_Blocks_01_Set_3_256x256_3.png" type="Texture" id=7]
[ext_resource path="res://Assets/Calls/Number_Blocks_01/Number_Blocks_01/Number_Blocks_01_Set_3_256x256_6.png" type="Texture" id=8]
[ext_resource path="res://Assets/Calls/Number_Blocks_01/Number_Blocks_01/Number_Blocks_01_Set_3_256x256_1.png" type="Texture" id=9]
[ext_resource path="res://Assets/Calls/Number_Blocks_01/Number_Blocks_01/Number_Blocks_01_Set_3_256x256_7.png" type="Texture" id=10]

[node name="PhoneCalls" type="Control"]
anchor_right = 1.0
anchor_bottom = 1.0

[node name="1" type="TextureButton" parent="."]
margin_left = 50.0
margin_top = 200.0
margin_right = 306.0
margin_bottom = 456.0
rect_scale = Vector2( 0.25, 0.25 )
texture_normal = ExtResource( 9 )

[node name="2" type="TextureButton" parent="."]
margin_left = 150.0
margin_top = 200.0
margin_right = 406.0
margin_bottom = 456.0
rect_scale = Vector2( 0.25, 0.25 )
texture_normal = ExtResource( 5 )

[node name="3" type="TextureButton" parent="."]
margin_left = 250.0
margin_top = 200.0
margin_right = 506.0
margin_bottom = 456.0
rect_scale = Vector2( 0.25, 0.25 )
texture_normal = ExtResource( 7 )

[node name="4" type="TextureButton" parent="."]
margin_left = 50.0
margin_top = 300.0
margin_right = 306.0
margin_bottom = 556.0
rect_scale = Vector2( 0.25, 0.25 )
texture_normal = ExtResource( 4 )

[node name="5" type="TextureButton" parent="."]
margin_left = 150.0
margin_top = 300.0
margin_right = 406.0
margin_bottom = 556.0
rect_scale = Vector2( 0.25, 0.25 )
texture_normal = ExtResource( 2 )

[node name="6" type="TextureButton" parent="."]
margin_left = 250.0
margin_top = 300.0
margin_right = 506.0
margin_bottom = 556.0
rect_scale = Vector2( 0.25, 0.25 )
texture_normal = ExtResource( 8 )

[node name="7" type="TextureButton" parent="."]
margin_left = 250.0
margin_top = 300.0
margin_right = 506.0
margin_bottom = 556.0
rect_scale = Vector2( 0.25, 0.25 )
texture_normal = ExtResource( 10 )

[node name="8" type="TextureButton" parent="."]
margin_left = 50.0
margin_top = 400.0
margin_right = 306.0
margin_bottom = 656.0
rect_scale = Vector2( 0.25, 0.25 )
texture_normal = ExtResource( 6 )

[node name="9" type="TextureButton" parent="."]
margin_left = 250.0
margin_top = 400.0
margin_right = 506.0
margin_bottom = 656.0
rect_min_size = Vector2( 0.25, 0.25 )
rect_scale = Vector2( 0.25, 0.25 )
texture_normal = ExtResource( 1 )

[node name="0" type="TextureButton" parent="."]
margin_left = 150.0
margin_top = 400.0
margin_right = 406.0
margin_bottom = 656.0
rect_scale = Vector2( 0.25, 0.25 )
texture_normal = ExtResource( 3 )

[node name="call" type="TextureButton" parent="."]
margin_right = 40.0
margin_bottom = 40.0

[node name="backspace" type="TextureProgress" parent="."]
margin_right = 40.0
margin_bottom = 40.0
